
Einleitung

@online{bundesregierung,
  author       = {{Die Bundesregierung}},
  title        = {Klimaziel: Deutschland reduziert Emissionen um 37 Millionen Tonnen CO\textsubscript{2}-Äquivalente},
  year         = {2024},
  month        = {04},
  url          = {https://www.bundesregierung.de/breg-de/aktuelles/treibhausgasbilanz-2023-2265440},
  note         = {Zugriff am 20. November, 2024}
}

@article{filonchyk2024greenhouse,
  title={Greenhouse gases emissions and global climate change: Examining the influence of CO2, CH4, and N2O},
  author={Filonchyk, Mikalai and Peterson, Michael P and Zhang, Lifeng and Hurynovich, Volha and He, Yi},
  journal={Science of The Total Environment},
  pages={173359},
  year={2024},
  publisher={Elsevier}
}
@article{gao2022hydrogen,
  title={Hydrogen-Powered Aircraft: Hydrogen--electric hybrid propulsion for aviation},
  author={Gao, Yuan and Jausseme, Charles and Huang, Zhen and Yang, Tao},
  journal={IEEE Electrification Magazine},
  volume={10},
  number={2},
  pages={17--26},
  year={2022},
  publisher={IEEE}
}
%Grundlagen 2_1:

@book{conrady2019luftverkehr,
  title={Luftverkehr: Betriebswirtschaftliches Lehr- und Handbuch},
  author={Conrady, Roland and Fichert, Frank and Sterzenbach, R{\"u}diger},
  year={2019},
  publisher={Walter de Gruyter GmbH \& Co KG}
}

@book{mensen2013handbuch,
  title={Handbuch der Luftfahrt},
  author={Mensen, Heinrich},
  year={2013},
  publisher={Springer-Verlag}
}

@inproceedings{schaar2010analysis,
  title={Analysis of airport stakeholders},
  author={Schaar, David and Sherry, Lance},
  booktitle={2010 Integrated Communications, Navigation, and Surveillance Conference Proceedings},
  pages={J4--1},
  year={2010},
  organization={IEEE}
}

@article{martinez2021supply,
  title={Supply chain configuration of sustainable aviation fuel: Review, challenges, and pathways for including environmental and social benefits},
  author={Martinez-Valencia, Lina and Garcia-Perez, Manuel and Wolcott, Michael P},
  journal={Renewable and Sustainable Energy Reviews},
  volume={152},
  pages={111680},
  year={2021},
  publisher={Elsevier}
}

@manual{airbus2022a321,
  author       = {{Airbus}},
  title        = {Airbus A321 Aircraft Characteristics: Airport and Maintenance Planning},
  year         = {2022},
  month        = {March},
  edition      = {Revision 1},
  note         = {Original Issue: September 30, 1992},
  url          = {https://aircraft.airbus.com/sites/g/files/jlcbta126/files/2023-02/Airbus-techdata-AC_A321_0322%20%282%29.pdf}
}

@article{maertens2023neue,
  title={Neue EASA-Anforderungen an Bodenverkehrsdienstleister--Chancen und Risiken f{\"u}r die Systempartner im Luftverkehr},
  author={Maertens, Sven and Fromen, Katharina},
  journal={Die Verwaltung},
  number={4},
  pages={517--537},
  year={2023},
  publisher={DUNCKER UND HUMBLOT}
}

@article{sky2020hydrogen,
  title={Hydrogen-powered aviation: a fact-based study of hydrogen technology, economics, and climate impact by 2050},
  author={Sky, Clean and others},
  year={2020},
  publisher={Hydrogen Knowledge Centre}
}

@article{schmidt2016challenges,
  title={Challenges for ground operations arising from aircraft concepts using alternative energy},
  author={Schmidt, Michael and Paul, Annika and Cole, Mara and Ploetner, Kay Olaf},
  journal={Journal of Air Transport Management},
  volume={56},
  pages={107--117},
  year={2016},
  publisher={Elsevier}
}

%2.2

@book{camilleri2018aircraft,
  title={Aircraft operating costs and profitability},
  author={Camilleri, Mark Anthony and Camilleri, Mark Anthony},
  year={2018},
  publisher={Springer}
}

@inproceedings{wang2021research,
  title={Research on civil aircraft direct maintenance cost analysis and optimization based on data mining},
  author={Wang, Jiexuan},
  booktitle={Journal of Physics: Conference Series},
  volume={1992},
  number={4},
  doi={042075},
  year={2021},
  organization={IOP Publishing}
}
@book{wittmer2011aviation,
  title={Aviation systems: management of the integrated aviation value chain},
  author={Wittmer, Andreas and Bieger, Thomas and M{\"u}ller, Roland},
  year={2011},
  publisher={Springer}
}
@article{fur2003infrastrukturkosten,
  title={Infrastrukturkosten Luftverkehr},
  author={f{\"u}r Raumentwicklung, Bundesamt and f{\"u}r Zivilluftfahrt, BAZL-Bundesamt},
  journal={Ergebnisse Pilotrechnung. Schlussbericht. Z{\"u}rich},
  year={2003}
}
@misc{WissenschaftlicherBeirat2011,
  author       = {Wissenschaftlicher Beirat beim Bundesministerium für Verkehr, Bau und Stadtentwicklung},
  title        = {Handlungsbedarf für Planung und Nutzung der Flughafeninfrastruktur in Deutschland},
  year         = {2011},
  url          = {https://bmdv.bund.de/SharedDocs/DE/Anlage/G/wissenschaftlicher-beirat-gutachten-2011-1.pdf},
}
%2.3
@misc{uba_aviation_2023,
  author    = {Umweltbundesamt},
  title     = {Aviation in the EU ETS and CORSIA in the Fit for 55 package – Factsheet},
  year      = {2023},
  month     = {09},
  url       = {https://www.umweltbundesamt.de/publikationen/aviation-in-the-eu-ets-corsia-in-the-fit-for-55},
  note      = {Zugriff am 23. Dezember 2024}
}

%2.4

%Anfang

@article{ansell2023review,
  title={Review of sustainable energy carriers for aviation: Benefits, challenges, and future viability},
  author={Ansell, Phillip J},
  journal={Progress in Aerospace Sciences},
  volume={141},
  pages={100919},
  year={2023},
  publisher={Elsevier}
}

%SAF

@book{iata_saf_2024,
  author    = {{International Air Transport Association (IATA)}},
  title     = {IATA SAF Handbook},
  year      = {2024},
  url       = {https://www.iata.org},
  note      = {Zugriff am 27. Dezember 2024}
}

@online{virginatlantic_saf_2023,
  author    = {{Virgin Atlantic}},
  title     = {Virgin Atlantic operates world's first 100\% SAF transatlantic flight},
  year      = {2023},
  url       = {https://corporate.virginatlantic.com/gb/en/media/press-releases/worlds-first-sustainable-aviation-fuel-flight.html},
  note      = {Zugriff am 27. Dezember 2024}
}

@online{icao_saf_conversion_2024,
  author    = {{International Civil Aviation Organization (ICAO)}},
  title     = {Sustainable Aviation Fuel (SAF) Conversion Processes},
  year      = {2024},
  url       = {https://www.icao.int/environmental-protection/GFAAF/Pages/Conversion-processes.aspx},
  note      = {Zugriff am 28. Dezember 2024}
}

@misc{iata_saf_procurement_2024,
  author = {{International Air Transport Association (IATA)}},
  title = {SAF Procurement: Pricing Options for Different Strategies},
  year = {2024},
  url = {https://www.iata.org/en/programs/sustainability/reports/saf-procurement-pricing-options-for-different-strategies/},
  note  = {Zugriff am 28. Dezember 2024}
}

@article{de2017life,
  title={Life-cycle analysis of greenhouse gas emissions from renewable jet fuel production},
  author={De Jong, Sierk and Antonissen, Kay and Hoefnagels, Ric and Lonza, Laura and Wang, Michael and Faaij, Andr{\'e} and Junginger, Martin},
  journal={Biotechnology for biofuels},
  volume={10},
  pages={1--18},
  year={2017},
  publisher={Springer}
}

@inproceedings{jarin2024emissions,
  title={Emissions Comparison of 100\% SAF With Bio-Aromatics and Conventional (Fossil) Jet Fuel},
  author={Jarin, Jean-Baptiste and Champion-R{\'e}aud, Jean-Louis and Sallinen, Reetu and Steenwinkel, Edgar},
  booktitle={Turbo Expo: Power for Land, Sea, and Air},
  volume={87936},
  pages={V002T03A012},
  year={2024},
  organization={American Society of Mechanical Engineers}
}
@article{watson2024sustainable,
  title={Sustainable aviation fuel technologies, costs, emissions, policies, and markets: a critical review},
  author={Watson, MJ and Machado, PG and da Silva, AV and Saltar, Y and Ribeiro, CO and Nascimento, CAO and Dowling, AW},
  journal={Journal of Cleaner Production},
  volume={449},
  doi={141472},
  year={2024},
  publisher={Elsevier}
}
@article{bauen2020sustainable,
  title={Sustainable Aviation Fuels: Status, challenges and prospects of drop-in liquid fuels, hydrogen and electrification in aviation},
  author={Bauen, Ausilio and Bitossi, Niccol{\`o} and German, Lizzie and Harris, Anisha and Leow, Khangzhen},
  journal={Johnson Matthey Technology Review},
  volume={64},
  number={3},
  pages={263--278},
  year={2020},
  publisher={Johnson Matthey}
}

@misc{iata2024,
  author       = "{International Air Transport Association (IATA)}",
  title        = "{IATA Press Release – 10 December 2024}",
  year         = {2024},
  url          = {https://www.iata.org/en/pressroom/2024-releases/2024-12-10-03/},
  note         = {Zugang am 17. Februar 2025}
}
%electric

@article{dahal2021techno,
  title={Techno-economic review of alternative fuels and propulsion systems for the aviation sector},
  author={Dahal, Karna and Brynolf, Selma and Xisto, Carlos and Hansson, Julia and Grahn, Maria and Gr{\"o}nstedt, Tomas and Lehtveer, Mariliis},
  journal={Renewable and Sustainable Energy Reviews},
  volume={151},
  pages={111564},
  year={2021},
  publisher={Elsevier}
}

@inproceedings{salucci2020optimal,
  title={Optimal recharging infrastructure sizing and operations for a regional airport},
  author={Salucci, Francesco and Riboldi, Carlo ED and Trainelli, Lorenzo and Rolando, Alberto and others},
  booktitle={1st Aerospace Europe Conference (AEC 2020)},
  pages={1--8},
  year={2020}
}

@article{abrantes2024impact,
  title={The impact of revolutionary aircraft designs on global aviation emissions},
  author={Abrantes, Ivo and Ferreira, Ana F and Magalh{\~a}es, Leandro B and Costa, M{\'a}rio and Silva, Andr{\'e}},
  journal={Renewable Energy},
  volume={223},
  pages={119937},
  year={2024},
  publisher={Elsevier}
}

@inproceedings{donckers2024electric,
  title={Electric flight operations for interisland mobility},
  author={Donckers, S and Stamoulis, KP and Apostolidis, A},
  booktitle={Journal of Physics: Conference Series},
  volume={2716},
  number={1},
  pages={012009},
  year={2024},
  organization={IOP Publishing}
}
@article{anker2023feasibility,
  title={Feasibility of Battery-Powered Propulsion Systems for All-Electric Short-Haul Commuter Aircraft},
  author={Anker, Markus Aasen and Hartmann, Christian and N{\o}land, Jonas Kristiansen},
  journal={Authorea Preprints},
  year={2023},
  publisher={Authorea}
}
@article{hepperle2012electric,
  title={Electric flight-potential and limitations},
  author={Hepperle, Martin},
  year={2012}
}
@article{shahid2022review,
  title={A review of thermal runaway prevention and mitigation strategies for lithium-ion batteries},
  author={Shahid, Seham and Agelin-Chaab, Martin},
  journal={Energy Conversion and Management: X},
  volume={16},
  pages={100310},
  year={2022},
  publisher={Elsevier}
}
@article{budde2013review,
  title={A review of current automotive battery technology and future prospects},
  author={Budde-Meiwes, Heide and Drillkens, Julia and Lunz, Benedikt and Muennix, Jens and Rothgang, Susanne and Kowal, Julia and Sauer, Dirk Uwe},
  journal={Proceedings of the Institution of Mechanical Engineers, Part D: Journal of Automobile Engineering},
  volume={227},
  number={5},
  pages={761--776},
  year={2013},
  publisher={Sage Publications Sage UK: London, England}
}
%hydrogen

@article{dalmia2022powering,
  title={Powering the Future of Electric Aviation},
  author={Dalmia, Tanay and Doken, Defne Nil and Kumar, Aditi and Padmanaban, Rohith Murali and Sanghi, Veda and Shah, Hrsh},
  year={2022}
}

@article{mulder2019outlook,
  title={Outlook for a Dutch hydrogen market: economic conditions and scenarois},
  author={Mulder, Machiel and Perey, Peter L and Moraga, Jos{\'e} L},
  year={2019},
  publisher={Centre for Energy Economics Research, University of Groningen,}
}

@book{colpan2022fuel,
  title={Fuel Cell and Hydrogen Technologies in Aviation},
  author={Colpan, Can Ozgur and Kova{\v{c}}, Ankica},
  year={2022},
  publisher={Springer}
}
@article{khandelwal2013hydrogen,
  title={Hydrogen powered aircraft: The future of air transport},
  author={Khandelwal, Bhupendra and Karakurt, Adam and Sekaran, Paulas R and Sethi, Vishal and Singh, Riti},
  journal={Progress in Aerospace Sciences},
  volume={60},
  pages={45--59},
  year={2013},
  publisher={Elsevier}
}
@article{eichlseder2012hydrogen,
  title={Wasserstoff in der Fahrzeugtechnik. Erzeugung, Speicherung, Anwendung},
  author={Eichlseder, Helmut and Klell, Manfred},
  year={2012}
}
@inproceedings{rietdijk2024architecture,
  title={Architecture design for a commercially viable hydrogen-electric powered retrofitted regional aircraft},
  author={Rietdijk, B and Selier, M},
  booktitle={Proceedings of the ICAS conference, Florence, Italy},
  pages={9--13},
  year={2024}
}
%2.5

@misc{embraer_energia_2021,
  author       = {{Embraer S.A.}},
  title        = {Embraer presents the Energia Family – Four New Aircraft Concepts Using Renewable Energy Propulsion Technologies},
  year         = {2021},
  url          = {https://embraer.com/global/en/news?slug=1206950-embraer-presents-the-energia-family-four-new-aircraft-concepts-using-renewable-energy-propulsion-technologies},
  note         = {Zugriff am 03. Januar 2025}
}
@online{wright_electric_website,
  author       = {{Wright Electric}},
  title        = {Wright Electric - Ultra-Lightweight Motors, Generators, and Batteries for Aerospace and Defense},
  year         = {2025},
  url          = {https://www.weflywright.com/},
  note         = {Zugriff am 9. Februar, 2025}
}

@misc{BauhausLuftfahrt,
  author       = {Bauhaus Luftfahrt},
  title        = {CE-Liner: A Concept for Universally Electric Air Transport},
  year         = {2011},
  url          = {https://www.bauhaus-luftfahrt.net/de/forschungsbereiche/hybrid-electric-aviation/ce-liner-a-concept-for-universally-electric-air-transport},
  note         = {Zugriff am 9. Februar, 2025}
}
@misc{NASA_N3X_2025,
  author       = {{NASA Glenn Research Center}},
  title        = {N3-X Airplane Concept},
  url          = {https://www1.grc.nasa.gov/aeronautics/eap/airplane-concepts/n3x/},
  note         = {Zugriff am 9. Februar, 2025}
}
@misc{Pipistrel_VelisElectro,
  author       = {Pipistrel Aircraft},
  title        = {Velis Electro},
  url          = {https://www.pipistrel-aircraft.com/products/velis-electro/},
  note         = {Zugriff am 10. Februar, 2025}
}
@misc{IFB_eGenius_2025,
  author       = {Institute of Aircraft Design, University of Stuttgart},
  title        = {e-Genius: Electric Aircraft Research Project},
  url          = {https://www.ifb.uni-stuttgart.de/en/research/mannedaircraft/e-genius/},
  note         = {Zugriff am 19. Februar, 2025}
}
%methodik
@article{minwoo2019analysis,
  title={Analysis of direct operating cost of wide-body passenger aircraft: A parametric study based on Hong Kong},
  author={Minwoo, LEE and Larry, KB and Wenbin, SONG},
  journal={Chinese Journal of Aeronautics},
  volume={32},
  number={5},
  pages={1222--1243},
  year={2019},
  publisher={Elsevier}
}
@article{goodge2024analysis,
  title={An Analysis of Direct Operating Costs for the Wright Spirit Electric Aircraft},
  author={Goodge, Katie and Withey, Paul},
  journal={Aerospace},
  volume={11},
  number={12},
  pages={1007},
  year={2024},
  publisher={MDPI}
}

@misc{scholz_design_evaluation_doc,
  author       = {Scholz, Dieter},
  title        = {Aircraft Design  / DOC},
  year         = {2015},
  howpublished = {Lecture Notes, Hamburg University of Applied Sciences (HAW Hamburg)},
  note         = {Zugriff am 5. Januar, 2025},
  url          = {https://www.fzt.haw-hamburg.de/pers/Scholz/HOOU/}
}

@article{wangsness2021fremskyndet,
  title={Fremskyndet innfasing av elfly i Norge: mulige},
  author={Wangsness, Paal Brevik and Ydersbond, Inga Margrete and Veisten, Knut and Farstad, Eivind},
  journal={Environmental and Resource Economics},
  volume={37},
  number={1},
  pages={181--210},
  year={2021}
}

%NASA ATA Kostenmodell ------------------ wird nicht genutzt?
@techreport{liebeck1995advanced,
  title={Advanced subsonic airplane design and economic studies},
  author={Liebeck, Robert H and Andrastek, Donald A and Chau, Johnny and Girvin, Raquel and Lyon, Roger and Rawdon, Blaine K and Scott, Paul W and Wright, Robert A},
  year={1995}
}

%Flügsicherungskosten

@misc{dfs_flugsicherungsgebuehren,
  author = {Deutsche Flugsicherung GmbH},
  title = {Flugsicherungsgebühren},
  url = {https://www.dfs.de/homepage/de/flugsicherung/rechtlicher-rahmen/flugsicherungsgebuehren/},
  note = {Zugriff am 11. Januar 2025}
}

%Quelle für Preise

@misc{iea_biojet_2021,
  author       = {{International Energy Agency (IEA)}},
  title        = {Fossil jet and biojet fuel production cost ranges (2010-2030)},
  year         = {2021},
  url          = {https://www.iea.org/data-and-statistics/charts/fossil-jet-and-biojet-fuel-production-cost-ranges-2010-2030},
  note         = {Zugriff am 03. Januar 2025}
}

@misc{iata_industry_statistics_2024,
  author       = {{International Air Transport Association (IATA)}},
  title        = {Industry Statistics},
  year         = {2024},
  month        = {06},
  note         = {Updated: June 2024},
  url          = {https://www.iata.org/en/publications/economics/economics-library/},
  howpublished = {Report}
}

Wechselkurs

@misc{ecb_exchange_rates_usd,
  author       = {{European Central Bank (ECB)}},
  title        = {Euro Reference Exchange Rate: USD},
  url          = {https://www.ecb.europa.eu/stats/policy_and_exchange_rates/euro_reference_exchange_rates/html/eurofxref-graph-usd.en.html},
  note         = {Zugriff am 14. Januar 2025},
  howpublished = {Online Resource}
}

%2.5 Konzepte

@misc{airbus_zea_concepts,
  author       = {{Airbus}},
  title        = {Airbus unveils Zero-Emission Aircraft (ZEA) concepts},
  year         = {2020},
  url          = {https://www.airbus.com/sites/g/files/jlcbta136/files/3180ea455250af5fa3363bcf0a2b2d50_DE-Airbus-unveils-ZEA-concepts.pdf},
  note         = {Zugriff am 16. Januar, 2025},
  howpublished = {Online PDF}
}

Annahmen und Werte

@techreport{easa_tcds_pt6a67,
  author       = {{European Union Aviation Safety Agency (EASA)}},
  title        = {Type-Certificate Data Sheet: PT6A-67 Series Engines},
  year         = {2022},
  month        = {02},
  day          = {18},
  institution  = {European Union Aviation Safety Agency (EASA)},
  number       = {EASA.IM.E.008},
  note         = {Issue 06},
  howpublished = {Technical Report},
}

@misc{fraport2025entgelte,
  author       = {{Fraport AG}},
  title        = {Flughafenentgelte nach § 19b LuftVG: Entgelte für Zentrale Bodenverkehrsdienst Infrastruktureinrichtungen (gültig ab 01. Januar 2025)},
  year         = {2025},
  month        = {01},
  url          = {https://www.fraport.com/de/geschaeftsfelder/betrieb/flughafenentgelte.html},
  note         = {Zugriff am 17. Januar 2025}
}

@online{eurostat_nrg_pc_205,
  author       = {{Eurostat}},
  title        = {Energy Prices: Household and Industrial Consumers},
  year         = {2025},
  doi =          {https://doi.org/10.2908/NRG_PC_205},
  url          = {https://ec.europa.eu/eurostat/databrowser/view/nrg_pc_205/default/table?lang=en},
  note         = {Zugriff am 20. Januar, 2025}
}

@article{avogadro2024demystifying,
  title={Demystifying electric aircraft’s role in aviation decarbonization: Are first-generation electric aircraft cost-effective?},
  author={Avogadro, Nicol{\`o} and Redondi, Renato},
  journal={Transportation Research Part D: Transport and Environment},
  volume={130},
  pages={104191},
  year={2024},
  publisher={Elsevier}
}
@online{let_l410ng,
  author       = {{LET Aircraft Industries}},
  title        = {L410 NG},
  year         = {2021},
  url          = {https://web.archive.org/web/20210818120608/http://www.let.cz/en/l410ng},
  note         = {Archivierte Version vom 18. August 2021, Zugriff am [09. Januar, 2025]}
}

@online{heart_aerospace_es19,
  author       = {{Heart Aerospace}},
  title        = {Heart Aerospace partners with Aernnova to design and develop the structure for the ES-19 electric airplane},
  year         = {2021},
  url          = {https://heartaerospace.com/newsroom/heart-aerospace-partners-with-aernnova-to-design-and-develop-the-structure-for-the-es-19-electric-airplane/},
  note         = {Zugriff am 20. Januar, 2025}
}

@online{discover_airlines_cabin,
  author       = {{Discover Airlines}},
  title        = {Karriere als Cabin Crew – Bewerbungsbedingungen},
  year         = {2025},
  url          = {https://www.discover-airlines.com/de/de/about-us/career/cabin#terms_conditions},
  note         = {Zugriff am 29. Januar, 2025}
}
@online{airbus_a321neo,
  author       = {{Airbus}},
  title        = {A321neo},
  url          = {https://aircraft.airbus.com/en/aircraft/a320-family/a321neo},
  note         = {Zugriff am 03. Februar, 2025}
  }

@misc{fonseca2022doc,
  author       = {Diego Fonseca},
  title        = {Direct Operating Costs, Fuel Consumption, and Cabin Layout of the Airbus A321LR},
  year         = {2022},
  month        = {February},
  day          = {17},
  url          = {https://www.fzt.haw-hamburg.de/pers/Scholz/arbeiten/VortragFonseca.pdf},
  note         = {Zugriff am 03. Februar, 2025}
}
@misc{let2016l410,
  author       = {{LET Aircraft Industries}},
  title        = {L 410 UVP-E20 Brochure},
  year         = {2016},
  url          = {https://web.archive.org/web/20190423024417/http://www.let.cz/files/file/KeStazeni/2016/EN_Brochure_L410_UVP-E20.pdf},
  note         = {Zugriff am 2. Februar, 2025}
}
Verkaufpreise
@online{aerotelegraph_airbus,
  author       = {{AeroTELEGRAPH}},
  title        = {Die Listenpreise 2018 von Airbus},
  year         = {2018},
  url          = {https://www.aerotelegraph.com/die-listenpreise-2018-von-airbus},
  note         = {Zugriff am 14. Januar, 2025}
}
3_1_ Infrastruktur

Wasserstoff 

@article{gu2023hydrogen,
  title={Hydrogen-Powered Aircraft at Airports: A Review of the Infrastructure Requirements and Planning Challenges},
  author={Gu, Yue and Wiedemann, Mirjam and Ryley, Tim and Johnson, Mary E and Evans, Michael John},
  journal={Sustainability},
  volume={15},
  number={21},
  pages={15539},
  year={2023},
  publisher={MDPI}
}

@techreport{ati_hydrogen_infrastructure,
  author       = {{Aerospace Technology Institute (ATI)}},
  title        = {Airports, Airlines, Airspace Operations and Hydrogen Infrastructure},
  year         = {2022},
  month        = {03},
  institution  = {Aerospace Technology Institute (ATI)},
  url          = {https://www.ati.org.uk/wp-content/uploads/2022/03/FZO-CST-POS-0035-Airports-Airlines-Airspace-Operations-and-Hydrogen-Infrastructure.pdf},
  note         = {Zugriff am 16. Januar, 2025},
  howpublished = {Technical Report},
}

@article{undertaking2022strategic,
  title={Strategic research and innovation agenda 2021--2027},
  author={Undertaking, Clean Hydrogen Joint},
  journal={Agenda},
  volume={2021},
  pages={179},
  year={2022}
}

@article{schenke2024lh2,
  title={LH2 supply for the initial development phase of H2-powered aviation},
  author={Schenke, F and Hoelzen, J and Bredemeier, D and Schomburg, L and Bensmann, A and Hanke-Rauschenbach, R},
  journal={Energy Conversion and Management: X},
  volume={24},
  doi={100797},
  year={2024},
  publisher={Elsevier}
}

@article{hoelzen2023h2,
  title={H2-powered aviation--Design and economics of green LH2 supply for airports},
  author={Hoelzen, Julian and Koenemann, L and Kistner, Lukas and Schenke, F and Bensmann, A and Hanke-Rauschenbach, Richard},
  journal={Energy Conversion and Management: X},
  volume={20},
  doi={100442},
  year={2023},
  publisher={Elsevier}
}

@misc{fesmire2021lh2,
  author       = {James E. Fesmire and Adam Swanger},
  title        = {New LH2 Sphere Presentation},
  year         = {2021},
  month        = {August},
  day          = {18},
  howpublished = {Presentation at DOE/NASA Advances in Liquid Hydrogen Storage Workshop},
  url          = {https://ntrs.nasa.gov/api/citations/20210020920/downloads/New%20LH2%20Sphere%20Presentation%2017Aug2021.pdf},
  note         = {Zugriff am 16. Januar, 2025}
}

@article{hoelzen2022h2,
  title={H2-powered aviation at airports--Design and economics of LH2 refueling systems},
  author={Hoelzen, Julian and Flohr, M and Silberhorn, Daniel and Mangold, Jonas and Bensmann, A and Hanke-Rauschenbach, Richard},
  journal={Energy Conversion and Management: X},
  volume={14},
  doi={100206},
  year={2022},
  publisher={Elsevier}
}
infrastruktur elektrisch

@inproceedings{guo2020aviation,
  title={Aviation to grid: Airport charging infrastructure for electric aircraft},
  author={Guo, Zekun and Zhang, Xin and Balta-Ozkan, Nazmiye and Luk, Patrick},
  year={2020},
  organization={International Conference on Applied Energy}
}


Infrastruktur-Annahmen

@article{reimers2018introduction,
  title={Introduction of electric aviation in Norway},
  author={Reimers, Jan Otto},
  journal={Green Future: Norway},
  year={2018}
}

@article{guo2023infrastructure,
  title={Infrastructure planning for airport microgrid integrated with electric aircraft and parking lot electric vehicles},
  author={Guo, Zekun and Li, Bozheng and Taylor, Gareth and Zhang, Xin},
  journal={Etransportation},
  volume={17},
  pages={100257},
  year={2023},
  publisher={Elsevier}
}
3.2 Referenz-Fzg
@online{eurocontrol_a321,
  author       = {{EUROCONTROL}},
  title        = {Aircraft Performance Database: Airbus A321},
  url          = {https://contentzone.eurocontrol.int/aircraftperformance/details.aspx?ICAO=A321},
  note         = {Zugriff am 14. Januar, 2025}
}
%3_3 Kosten Formeln

@article{marksel2023comparative,
  title={Comparative Analysis of Direct Operating Costs: Conventional vs. Hydrogen Fuel Cell 19-Seat Aircraft},
  author={Marksel, Mar{\v{s}}enka and Prapotnik Brdnik, Anita},
  journal={Sustainability},
  volume={15},
  number={14},
  pages={11271},
  year={2023},
  publisher={MDPI}
}

@inproceedings{monjon2020conceptual,
  title={Conceptual design and operating costs evaluation of a 19-seat all-electric aircraft for regional aviation},
  author={Monjon, Matheus Medeiros Maciel and Freire, Cesar Monzu},
  booktitle={2020 AIAA/IEEE Electric Aircraft Technologies Symposium (EATS)},
  pages={1--16},
  year={2020},
  organization={IEEE}
}

@article{bruge2018wartungskosten,
  title={Wartungskosten von Passagierflugzeugen bei verschiedener Triebwerksanzahl berechnet nach DOC-Methoden},
  author={Br{\"u}ge, Niklas and Kranich, Felix},
  year={2018},
  publisher={Aircraft Design and Systems Group (AERO), Department of Automotive and~…}
}

Szenarien
@article{fraport2023frankfurt,
  title={Frankfurt Airport Luftverkehrsstatistik 2023},
  author={Fraport, AG},
  journal={Frankfurt am Main},
  year={2024}
}

Diskussion

@article{hoelzen2022hydrogen,
  title={Hydrogen-powered aviation and its reliance on green hydrogen infrastructure--Review and research gaps},
  author={Hoelzen, Julian and Silberhorn, Daniel and Zill, Thomas and Bensmann, Boris and Hanke-Rauschenbach, Richard},
  journal={International Journal of Hydrogen Energy},
  volume={47},
  number={5},
  pages={3108--3130},
  year={2022},
  publisher={Elsevier}
}